1949 3451
918 186 945 255 )
1041 193 1151 257 1136
1242 188 1267 256 (

500 308 1061 363 11.Callidium
1092 312 1206 359 vini
1237 309 1379 359 Pan
1406 325 1456 361 z.
1486 326 1540 362 n.
1578 312 1802 384 10.ipse

371 414 782 468 Fabricius
819 412 1289 482 Hellwigio,
1326 412 1800 485 Hellwigius

367 517 508 576 mihi
547 533 651 589 pro
695 516 756 569 C.
790 520 977 591 pusillo
1009 519 1422 570 determinavit.
1470 520 1707 571 Minime
1745 521 1801 571 in

369 618 541 670 doliis
588 619 855 684 vinariis,
890 638 1022 672 nec
1074 622 1132 673 in
1182 622 1326 673 cella
1371 623 1577 684 lectum
1635 624 1708 676 est
1767 642 1805 676 a

371 722 813 775 Scheidlero
839 764 852 787 ,
916 724 1009 785 fed
1046 725 1102 775 in
1142 725 1370 779 doliolis
1413 726 1670 792 vetustis,
1707 726 1803 785 sub

371 826 535 886 tectis
576 827 784 878 aedium
822 827 896 878 ad
932 827 1126 879 varios
1163 828 1286 878 usus
1324 828 1627 886 asservatis,
1687 829 1802 880 Ho-

368 947 492 980 rum
531 929 629 981 ista
668 931 1010 983 animalcula
1047 931 1288 983 circulos
1329 930 1589 981 habitant
1628 940 1797 1000 atque

371 1036 679 1089 corrodunt
712 1035 992 1087 betulinos
1016 1075 1030 1099 ‚
1076 1052 1104 1084 e
1141 1033 1341 1103 quibus
1364 1073 1379 1097 ‚
1418 1042 1652 1105 peracta
1689 1049 1799 1083 me-

370 1137 755 1208 tamorphofi,
814 1137 910 1189 sub
950 1137 1191 1189 mensem
1224 1137 1482 1201 Junium,
1536 1138 1610 1188 ad
1646 1154 1803 1207 gene=

373 1240 609 1289 rationis
667 1256 809 1310 opus
863 1240 1102 1310 egressa,
1166 1241 1224 1291 in
1283 1239 1572 1311 superficie
1621 1239 1808 1290 sedule

375 1343 708 1395 concursant
730 1382 745 1406 ,
777 1342 1044 1403 libidine,
1074 1341 1386 1411 praesertim
1424 1357 1626 1404 marm,
1662 1342 1806 1393 adeo

376 1448 616 1510 accensi,
647 1457 742 1509 ut,
777 1445 1037 1516 quamvis
1079 1444 1233 1512 capti
1267 1442 1601 1511 pyxidique,
1641 1459 1801 1512 oper..

371 1553 500 1605 culo
543 1552 727 1603 vitreo
778 1547 1015 1609 clausae,
1081 1545 1266 1607 illati,
1332 1543 1559 1595 simulac
1618 1544 1807 1614 digitis

373 1655 545 1706 emissi
584 1654 706 1705 funt
727 1692 741 1717 ,
808 1651 1154 1722 captivitatis
1211 1649 1263 1700 &z
1319 1648 1558 1700 carceris
1611 1648 1804 1700 imme.

369 1774 593 1823 morea,
637 1758 692 1807 in
734 1770 998 1813 venerem
1037 1752 1221 1803 denuo
1261 1752 1582 1824 praecipites
1620 1764 1803 1813 ruant.

505 1860 603 1910 111.
649 1854 1117 1910 Bostrichum
1155 1853 1438 1927 testaceum
1471 1872 1525 1910 n.
1575 1866 1662 1919 14.
1693 1873 1804 1910 me-

370 1980 492 2016 ram
544 1960 886 2013 varietatem
935 1959 1037 2012 esre
1094 1959 1157 2022 B.
1199 1961 1536 2028 pcniperdoe‚
1596 1959 1805 2018 nemini

369 2081 483 2116 non
521 2064 838 2135 persuasum
873 2062 956 2116 est.

501 2166 597 2218 IV.
641 2166 1100 2220 Bostrichus
1130 2167 1801 2237 fraxiniPanz.n.15.

371 2266 444 2324 est
490 2268 713 2324 Bostr.
759 2275 946 2324 varius
994 2274 1201 2327 Fabr.
1252 2272 1345 2350 Sp.
1392 2272 1493 2324 Ins.
1527 2273 1567 2324 Ι.
1606 2290 1662 2345 p.
1705 2276 1799 2341 69.

371 2391 426 2426 n.
466 2383 518 2432 8-
1301 2353 1303 2355 ⁵

498 2479 567 2528 V.
638 2475 1139 2547 Staphylinus
1185 2490 1433 2531 armatus
1479 2480 1692 2533 Panz,
1747 2499 1799 2534 n.

381 2593 471 2642 17.
531 2574 601 2627 est
653 2575 748 2629 St.
797 2580 1047 2630 tricornis
1097 2577 1376 2633 Herbst.
1419 2580 1588 2635 Arch.
1637 2584 1702 2635 V.
1746 2602 1801 2652 p.

382 2689 514 2746 2149.
571 2697 624 2731 n.
675 2697 728 2747 9.
781 2688 819 2731 t.
877 2697 976 2748 30.
1034 2681 1074 2740 f.
1115 2693 1167 2744 8.
1210 2698 1254 2741 c-
1300 2682 1352 2739 ὅτ
1385 2683 1602 2752 Payk.
1639 2685 1799 2751 Mon.

375 2783 571 2855 ,Staph-
612 2801 666 2854 P·
708 2800 808 2851 51·
843 2799 897 2849 n·
937 2801 1036 2852 37·

1621 2988 1714 3056 Vl.
